<?xml version="1.0" encoding="UTF-8"?><collection xmlns="http://www.loc.gov/MARC21/slim"><record><leader>00452nam--2200169-i-4500</leader><controlfield tag="001">000043277</controlfield><controlfield tag="002">20161230</controlfield><controlfield tag="005">20170103164046</controlfield><controlfield tag="008">060222s1000------------r-----000-0-eng-d</controlfield><datafield ind1=" " ind2=" " tag="040"><subfield code="a">IFIN-HH</subfield></datafield><datafield ind1=" " ind2=" " tag="080"><subfield code="a">539.12</subfield></datafield><datafield ind1="1" ind2=" " tag="100"><subfield code="a">Swartz, Clifford E</subfield></datafield><datafield ind1="1" ind2="0" tag="245"><subfield code="a">The fundamental particles</subfield><subfield code="c">Clifford E. Swartz</subfield></datafield><datafield ind1=" " ind2=" " tag="260"><subfield code="a">Reeading, Massachisetts</subfield><subfield code="b">Addison-Wesley</subfield><subfield code="c">1965</subfield></datafield><datafield ind1=" " ind2=" " tag="300"><subfield code="a">VIII + 152 p</subfield></datafield><datafield ind1=" " ind2=" " tag="852"><subfield code="a">24058</subfield><subfield code="c">539.12</subfield></datafield><datafield ind1=" " ind2=" " tag="CAT"><subfield code="a">SYS</subfield><subfield code="c">20170103</subfield><subfield code="h">164046</subfield></datafield></record></collection>